@misc{origin,
	author  = {{MDN contributors}},
	title   = {Origin},
	url     = {https://developer.mozilla.org/zh-CN/docs/Glossary/Origin},
  	date    = {2022-07-03},
  	urldate = {2022-07-07},
}

@misc{sw,
	author  = {{MDN contributors}},
	title   = {Service Worker API},
	url     = {https://developer.mozilla.org/en-US/docs/Web/API/Service_Worker_API},
  	date    = {2022-09-27},
  	urldate = {2022-09-16},
}

@misc{ee,
	author  = {{w3schools}},
	title   = {HTML Event Attributes},
	url     = {https://www.w3schools.com/tags/ref_eventattributes.asp},
  	date    = {2022-09-27},
  	urldate = {2022-09-16},
}

@misc{pm,
	author  = {{MDN contributors}},
	title   = {Window.postMessage()},
	url     = {https://developer.mozilla.org/en-US/docs/Web/API/Window/postMessage},
  	date    = {2022},
  	urldate = {2022-09-16},
}

@misc{papi,
	author  = {Buckler, Craig},
	title   = {How to Evaluate Site Speed with the Performance API},
	url     = {https://blog.openreplay.com/how-to-evaluate-site-speed-with-the-performance-api},
  	date    = {2021-05-12},
  	urldate = {2022-09-07},
}

@misc{fix,
	author  = {Weiss, Yoav},
	title   = {[resource-timing] Report performance entries with failing status codes},
	url     = {https://chromium.googlesource.com/chromium/src/+/5e556dd80e03b7a217e10990d71be25d07e1ece7},
  	date    = {2019-11-11},
  	urldate = {2022-09-07},
}

@misc{fixcode,
	author  = {Weiss, Yoav},
	title   = {[resource-timing] Report performance entries with failing status codes},
	url     = {https://github.com/chromium/chromium/commit/5e556dd80e03b7a217e10990d71be25d07e1ece7},
  	date    = {2019-11-11},
  	urldate = {2022-09-07},
}

@misc{sprt,
	author  = {Myrzakerey, Miras},
	title   = {Treat urn:uuid resources as http resources for ResourceTiming purposes. },
	url     = {https://github.com/chromium/chromium/commit/35d595aa9c977320c3d9aa58be69b21905e02f3d},
  	date    = {2021-06-08},
  	urldate = {2022-09-07},
}

@misc{m_now,
    author  = {{MDN contributors}},
    title   = {performance.now()},
    url     = {https://developer.mozilla.org/en-US/docs/Web/API/Performance/now},
    date    = {2022-09-13},
    urldate = {2022-09-14}
}

@misc{stats,
    author  = {Gelernter, Nethanel and Herzberg, Amir},
    title   = {Cross-Site Search Attacks},
    url     = {https://web.archive.org/web/20200614162731/http://u.cs.biu.ac.il/~herzbea/security/15-01-XSSearch.pdf},
    date    = {2022-09-13},
    urldate = {2015}
}


@misc{p_moz,
    author  = {Christensen, Alex},
    title   = {Bug 146531 - Reduce resolution of performance.now},
    url     = {https://developer.mozilla.org/en-US/docs/Web/API/Performance/now},
    date    = {2015-07-01},
    urldate = {2022-09-14}
}

@misc{p_web,
    author  = {Veditz, Daniel},
    title   = {Reduce precision of performance.now() to 20us},
    url     = {https://bugzilla.mozilla.org/show_bug.cgi?id=1427870},
    date    = {2018-01-03},
    urldate = {2022-09-14}
}

@misc{p_chr,
    author  = {{pdr@chromium.org}},
    title   = {Issue 506723: Reduce resolution of performance.now to prevent timing attacks},
    url     = {https://bugs.chromium.org/p/chromium/issues/detail?id=506723},
    date    = {2015-07-03},
    urldate = {2022-09-14}
}

@misc{m_now,
    author  = {{MDN contributors}},
    title   = {performance.now()},
    url     = {https://developer.mozilla.org/en-US/docs/Web/API/Performance/now},
    date    = {2022-09-13},
    urldate = {2022-09-14}
}

@misc{timers,
    author  = {Schwarz, Michael and Maurice, Clémentine and Gruss, Daniel and Mangard, Stefan},
    title   = {Fantastic Timers and Where to Find Them: High-Resolution Microarchitectural
Attacks in JavaScript},
    url     = {https://gruss.cc/files/fantastictimers.pdf},
    date    = {2020},
    urldate = {2022-09-14}
}

@misc{clock,
    author  = {Sousa, Manuel and terjanq and Clapis, Roberto and Dworken, David and NDevTK and 1lastBr3ath and Brasco and rick.titor and Fredrickson, Chris and jub0bs},
    title   = {Clocks},
    url     = {https://xsleaks.dev/docs/attacks/timing-attacks/clocks/},
    date    = {2020-12-23},
    urldate = {2022-09-14}
}

@misc{cachetimer,
    author  = {Sousa, Manuel and terjanq and Clapis, Roberto and Dworken, David and NDevTK and 1lastBr3ath and Brasco and rick.titor and Fredrickson, Chris and jub0bs},
    title   = {Cache Probing with Error Events},
    url     = {https://xsleaks.dev/docs/attacks/cache-probing/#cache-probing-with-error-events},
    date    = {2021-09-30},
    urldate = {2022-09-14}
}

@misc{cachecors,
    author  = {Sousa, Manuel and terjanq and Clapis, Roberto and Dworken, David and NDevTK and 1lastBr3ath and Brasco and rick.titor and Fredrickson, Chris and jub0bs},
    title   = {CORS error on Origin Reflection misconfiguration},
    url     = {https://xsleaks.dev/docs/attacks/cache-probing/#cors-error-on-origin-reflection-misconfiguration},
    date    = {2021-09-30},
    urldate = {2022-09-14}
}

@misc{cachedef,
    author  = {Sousa, Manuel and terjanq and Clapis, Roberto and Dworken, David and NDevTK and 1lastBr3ath and Brasco and rick.titor and Fredrickson, Chris and jub0bs},
    title   = {Defense},
    url     = {https://xsleaks.dev/docs/attacks/cache-probing/#defense},
    date    = {2021-09-30},
    urldate = {2022-09-14}
}

@misc{xssearch,
	author  = {Herrera, Luan},
	title   = {XS-Searching Google’s bug tracker to find out vulnerable source code},
	url     = {https://medium.com/@luanherrera/xs-searching-googles-bug-tracker-to-find-out-vulnerable-source-code-50d8135b7549},
  	date    = {2018-11-20},
  	urldate = {2022-09-14},
}

@article{cosi,
  doi       = {10.48550/ARXIV.1908.02204},
  url       = {https://arxiv.org/abs/1908.02204},
  author    = {Sudhodanan,  Avinash and Khodayari,  Soheil and Caballero,  Juan},
  keywords  = {Cryptography and Security (cs.CR),  FOS: Computer and information sciences,  FOS: Computer and information sciences},
  title     = {Cross-Origin State Inference (COSI) Attacks: Leaking Web Site States through XS-Leaks},
  publisher = {arXiv},
  year      = {2019},
  copyright = {arXiv.org perpetual,  non-exclusive license}
}

@misc{xsleaks,
    author  = {Sousa, Manuel and terjanq and Clapis, Roberto and Dworken, David and NDevTK and 1lastBr3ath and Brasco and rick.titor and Fredrickson, Chris and jub0bs},
    title   = {XS-Leaks Wiki},
    url     = {https://xsleaks.dev/},
    date    = {2020-10-03},
    urldate = {2022-07-07},
}

@misc{speed,
    author  = {Sousa, Manuel and terjanq and Clapis, Roberto and Dworken, David and NDevTK and 1lastBr3ath and Brasco and rick.titor and Fredrickson, Chris and jub0bs},
    title   = {Connection speed},
    url     = {https://xsleaks.dev/docs/attacks/timing-attacks/performance-api/#connection-speed},
    date    = {2021-02-11},
    urldate = {2022-09-07},
}

@misc{inflation,
    author  = {Sousa, Manuel and terjanq and Clapis, Roberto and Dworken, David and NDevTK and 1lastBr3ath and Brasco and rick.titor and Fredrickson, Chris and jub0bs},
    title   = {Inflation Techniques},
    url     = {https://xsleaks.dev/docs/attacks/xs-search/#inflation-techniques},
    date    = {2020-10-03},
    urldate = {2022-09-27},
}

@misc{herrera,
    author  = {Herrera, Luan},
    title   = {Issue 990849: Leaking size of cross-origin resource by using Range Requests and Service Workers},
    url     = {https://bugs.chromium.org/p/chromium/issues/detail?id=990849},
    date    = {2019-08-06},
    urldate = {2022-08-15},
}

@inproceedings{modelbase,
    author = {Knittel, Lukas and Mainka, Christian and Niemietz, Marcus and No\ss{}, Dominik Trevor and Schwenk, J\"{o}rg},
    title = {XSinator.Com: From a Formal Model to the Automatic Evaluation of Cross-Site Leaks in Web Browsers},
    year = {2021},
    isbn = {9781450384544},
    publisher = {Association for Computing Machinery},
    address = {New York, NY, USA},
    url = {https://doi.org/10.1145/3460120.3484739},
    doi = {10.1145/3460120.3484739},
    booktitle = {Proceedings of the 2021 ACM SIGSAC Conference on Computer and Communications Security},
    pages = {1771–1788},
    numpages = {18},
    keywords = {browser, web security, XS-leaks},
    location = {Virtual Event, Republic of Korea},
    series = {CCS '21}
}

@inproceedings{modelext,
    author = {Van Goethem, Tom and Franken, Gertjan and Sanchez-Rola, Iskander and Dworken, David and Joosen, Wouter},
    title = {SoK: Exploring Current and Future Research Directions on XS-Leaks through an Extended Formal Model},
    year = {2022},
    isbn = {9781450391405},
    publisher = {Association for Computing Machinery},
    address = {New York, NY, USA},
    url = {https://doi.org/10.1145/3488932.3517416},
    doi = {10.1145/3488932.3517416},
    booktitle = {Proceedings of the 2022 ACM on Asia Conference on Computer and Communications Security},
    pages = {784–798},
    numpages = {15},
    keywords = {formal model, same-origin policy, taxonomy, xs-leaks},
    location = {Nagasaki, Japan},
    series = {ASIA CCS '22}
}